@Manual{citeR,
    title = {R: A Language and Environment for Statistical Computing},
    author = {{R Core Team}},
    organization = {R Foundation for Statistical Computing},
    address = {Vienna, Austria},
    year = {2022},
    url = {https://www.R-project.org/},
  }
  
@hhld{hhld,
  title = {Household Income},
  organization = {investopedia},
  author = {MICHELLE P. SCOTT},
  year = {2024},
  url = {https://www.investopedia.com/terms/h/household_income.asp},
} 

@article1{article1,
 ISSN = {00384941, 15406237},
 URL = {http://www.jstor.org/stable/42956457},
 author = {Andrew Gelman and Lane Kenworthy and Yu-Sung Su},
 journal = {Social Science Quarterly},
 number = {5},
 pages = {1203--1219},
 publisher = {[University of Texas Press, Wiley]},
 title = {Income Inequality and Partisan Voting in the United States},
 urldate = {2024-02-14},
 volume = {91},
 year = {2010},
}

@article2{Madrick_2020, 
title={Why the working class votes against its economic interests}, 
url={https://www.nytimes.com/2020/07/31/books/review/the-system-robert-reich-break-em-up-zephyr-teachout.html}, journal={The New York Times},
publisher={The New York Times},
author={Madrick, Jeff}, 
year={2020}, 
month={Jul},
} 

